%% This BibTeX bibliography file was created using BibDesk.
%% http://bibdesk.sourceforge.net/

%% Created for Simon Kessler at 2015-06-18 19:39:21 +0200 


%% Saved with string encoding Unicode (UTF-8) 

@BOOK{Beitter,
	AUTHOR = {Beitter, Tilmann AND Kärgel, Thomas AND Nähring, André AND Steil, Andreas AND Zielenski, Sebastian},
	YEAR = {2014},
	MONTH = {aug},
	TITLE = {IaaS mit OpenStack - Cloud Computing in der Praxis},
	EDITION = {1. Auflage},
	ISBN = {978-3-864-90038-9},
	PUBLISHER = {dpunkt},
	ADDRESS = {Heidelberg},
},
@MISC{Loschwitz,
  AUTHOR       = "Martin Loschwitz",
  TITLE        = "Viele brauchen es, keiner versteht es - wir erklären es",
  YEAR         = "2015",
  HOWPUBLISHED = "Website",
  NOTE         = "Online erhältlich unter
                  \url{http://www.golem.de/news/openstack-viele-brauchen-es-keiner-versteht-es-wir-erklaeren-es-1503-112814-2.html};
                  abgerufen am 16. Juni 2015."
},
@MISC{OpenStackFoundation,
  AUTHOR       = "OpenStack Foundation",
  TITLE        = "The OpenStack Foundation",
  YEAR         = "2015",
  HOWPUBLISHED = "Website",
  NOTE         = "Online erhältlich unter
                  \url{http://www.openstack.org/foundation/};
                  abgerufen am 17. Juni 2015."
}
@url{dropboxImage,
	Date-Added = {2015-06-18 17:38:28 +0000},
	Date-Modified = {2015-06-18 17:39:21 +0000},
	Title = {Basis-Image auf Dropbox},
	Url = {https://www.dropbox.com/sh/0dgcaxc2u7cbfgi/AAAgnS87aYXRp6HJzK7oWSrma?dl=0}}

@url{vncJava,
	Date-Added = {2015-06-18 17:30:03 +0000},
	Date-Modified = {2015-06-18 17:30:19 +0000},
	Title = {Java VNC Client},
	Url = {https://github.com/cloudbuilders/nova-xvpvncviewer},
	Bdsk-Url-1 = {https://github.com/cloudbuilders/nova-xvpvncviewer}}

@url{git-source,
	Date-Added = {2015-06-18 17:02:46 +0000},
	Date-Modified = {2015-06-18 17:30:02 +0000},
	Title = {HTWG Lab Cloud Git Repository},
	Url = {http://github.com/sikessle/htwg-lab-cloud},
	Bdsk-Url-1 = {http://github.com/sikessle/htwg-lab-cloud}}

@manual{osImageRequirement,
	Author = {OpenStack},
	Date-Added = {2015-06-17 15:45:18 +0000},
	Date-Modified = {2015-06-17 15:59:04 +0000},
	Rating = {0},
	Title = {OpenStack Linux Image Requirements},
	Url = {http://docs.openstack.org/image-guide/content/ch_openstack_images.html},
	Bdsk-Url-1 = {http://docs.openstack.org/image-guide/content/ch_openstack_images.html}}

@book{erling_emissionshandel_2008,
	Author = {Erling, Uwe M.},
	Edition = {1},
	Isbn = {978-3410168294},
	Month = jul,
	Publisher = {Beuth},
	Title = {Emissionshandel: Rechtsgrundlagen und Einfuehrung},
	Year = {2008}}
